@book{ing_soft,
	author = {Sommerville, Ian},
	year = {2002},
	title = {Ingenieria de Software},
	publisher = {Naucalpan de Jurares, M\'exico}
}

@book{poo_deitel,
	author = {Harvey M. Deitel and Paul J. Deitel},
	year = {2004},
	title = {{JAVA} â€“ {H}ow to {P}rogram, {I}ntroduction to classes and objects},
	publisher = {Prentice-Hall}
}

@misc{what_is_a_cms,
	author = {James Robertson},
	title = {So, what is a content management system?},
	howpublished = "\url{http://www.steptwo.com.au/papers/kmc_what/index.html}",
	year = {2003},
	note = "[En Linea; accedido Septiembre-2012]"
}

@misc{apache_server,
	author = {{T}he {A}pache {S}oftware {F}oundation},
	title = {{S}erver {HTTP} {A}pache},
	howpublished = "\url{http://httpd.apache.org/ABOUT_APACHE.html}",
	year = {2011},
	note = "[En Linea; accedido Septiembre-2012]"
}

@misc{mysql_server,
	author = {{O}racle {C}orporation},
	title = {{MySQL}},
	howpublished = "\url{http://www.mysql.com/about/}",
	year = {2012},
	note = "[En Linea; accedido Septiembre-2012]"
}

@misc{html,
	author = {{A}lvaro {M}art\'inez {E}chevarr\'ia},
	title = {{M}anual pr\'actico de {HTML}},
	howpublished = "\url{http://www-app.etsit.upm.es/~alvaro/manual/manual.html}",
	year = {1995},
	note = "[En Linea; accedido Septiembre-2012]"
}

@book{css,
	author = {{H}akon {W}ium {L}ie and {B}ert {B}os},
	year = {1999},
	title = {{C}ascading {S}tyle {S}heets, {D}esigning for the {WEB}},
	publisher = {Addison Wesley}
}

@misc{js,
	author = {{J}avier {E}gu\'iluz {P}\'erez},
	title = {{I}ntroducci\'on a {J}avas{C}ript},
	howpublished = "\url{http://www.librosweb.es/javascript}",
	year = {2011},
	note = "[En Linea; accedido Septiembre-2012]"
}

@misc{ajax,
	author = {{J}avier {E}gu\'iluz {P}\'erez},
	title = {{I}ntroducci\'on a {AJAX}},
	howpublished = "\url{http://www.librosweb.es/ajax}",
	year = {2011},
	note = "[En Linea; accedido Septiembre-2012]"
}

@misc{xml,
	author = {{W3C}},
	title = {{E}xtensible {M}arkup {L}anguage},
	howpublished = "\url{http://www.w3.org/XML/}",
	year = {2011},
	note = "[En Linea; accedido Septiembre-2012]"
}

@book{php,
	author = {{Y}ann le {S}couarnec - {E}lizabeth {N}aramore - {G}ary {M}ailer - {J}eremy {S}toz - {J}ason {G}erner},
	year = {2004},
	title = {{F}undamentos de {D}esarrollo {WEB} con {PHP}, {A}pache y {MySQL}},
	publisher = {Editorial Anaya}
}

@book{design_patterns,
	author = {{E}rich {G}amma - {R}ichard {H}elm - {R}alph {J}ohnson - {J}ohn {V}lissides (the {GangOfFour})},
	year = {1994},
	title = {{D}esign {P}atterns: {E}lements of {R}eusable {O}bject-{O}riented {S}oftware},
	publisher = {Addison Wesley}
}
